% This file was created with JabRef 2.6.
% Encoding: Cp1252

@ARTICLE{Askvall1985,
  author = {S. Askvall},
  title = {Computer supported reading vs. reading text on paper: A comparison
	of two reading situations},
  journal = {International Journal on Man-Machine Studies},
  year = {1985},
  volume = {4},
  pages = {425-439},
  number = {22}
}

@BOOK{Card1983,
  title = {The psychology of human-computer interaction},
  publisher = {Erlbaum},
  year = {1983},
  author = {S. K. Card and T. P. Moran and A. Newell}
}

@MISC{HiG:Website,
  author = {HiG},
  title = {HiG Website},
  howpublished = {\url{http://www.hig.no}},
  year = {2010},
  note = {(Visited Jan. 2012)}
}

@INPROCEEDINGS{Lancaster1985,
  author = {F. W. Lancaster and A. Warner},
  title = {Electronic publication and its impact on the presentation of information},
  booktitle = {The technology of text: Principles for structuring, designing, and
	displaying text},
  year = {1985},
  editor = {D. H. Jonassen},
  pages = {292-309},
  publisher = {Educational Technology Publications}
}

@MISC{Meldon1997,
  author = {W. Meldon},
  title = {Reading from the web},
  howpublished = {\url{http://www.mit.edu/compsci/humanfactors/report9734.html}},
  year = {1997},
  note = {(Visited Nov. 2010)}
}

@MISC{BallBouncer,
  author = {Jana Sieber},
  title = {Ballbouncer},
  howpublished = {\url{http://www.ballbouncer.org}},
  month = {March},
  year = {2009},
  owner = {simonm},
  timestamp = {2010.05.18}
}

@MISC{GUCMaster,
  title = {Directions for the Master's Thesis at the {D}epartment of {C}omputer
	{S}cience and {M}edia {T}echnology, {G}j\o{}vik {U}niversity {C}ollege},
  howpublished = {http://www.hig.no/imt/},
  note = {(Visited Mar. 2012)}
}

@misc{RESTRef,
author = {Fielding, Roy Thomas},
title = {Fielding Dissertation: CHAPTER 5: Representational State Transfer (REST)},
howpublished = {\url{https://www.ics.uci.edu/~fielding/pubs/dissertation/rest_arch_style.htm}},
month = {},
year = {2000},
note = {(Visited on 12/02/2015)}
}


@MISC{DependencyInjectionRef,
author = {Martin Fowler},
title = {Inversion of Control Containers and the Dependency Injection pattern},
howpublished = {\url{http://www.martinfowler.com/articles/injection.html}},
month = {January},
year = {2004},
note = {(Visited on 12/02/2015)}
}

@misc{CascadeTypeRef,
author = {Oracle Docs},
title = {Cascade Operations and Relationships (The Java EE 6 Tutorial)},
howpublished = {\url{https://docs.oracle.com/cd/E19798-01/821-1841/bnbqm/index.html}},
month = {},
year = {},
note = {(Visited on 12/02/2015)}
}


@misc{Angul96online,
author = {},
title = {AngularJS: API: \$resource},
howpublished = {\url{https://docs.angularjs.org/api/ngResource/service/$resource}},
month = {},
year = {},
note = {(Visited on 12/02/2015)}
}

@misc{Usage10:online,
author = {},
title = {Usage Statistics and Market Share of Traffic Analysis Tools for Websites, December 2015},
howpublished = {\url{http://w3techs.com/technologies/overview/traffic_analysis/all}},
month = {},
year = {},
note = {(Visited on 12/02/2015)}
}

@misc{GoogleAnalyticsCoreAPI,
author = {},
title = {Core Reporting API - Reference Guide | Analytics Core Reporting API | Google Developers},
howpublished = {\url{https://developers.google.com/analytics/devguides/reporting/core/v3/reference}},
month = {},
year = {},
note = {(Visited on 12/02/2015)}
}

@misc{mockitoRef,
author = {},
title = {mockito.org},
howpublished = {\url{http://mockito.org/}},
month = {},
year = {},
note = {(Visited on 12/02/2015)}
}

@misc{Plann81:online,
author = {},
title = {PlanningPoker.com - Agile Estimating, Story Pointing \& Sprint Planning Online Tool},
howpublished = {\url{https://www.planningpoker.com/}},
month = {},
year = {},
note = {(Visited on 12/02/2015)}
}

@misc{Hiera14:online,
author = {},
title = {Hierarchy of accounts, users, properties, and views - Analytics Help},
howpublished = {\url{https://support.google.com/analytics/answer/1009618?hl=en}},
month = {},
year = {},
note = {(Visited on 12/02/2015)}
}

@misc{Gjovi52:online,
author = {},
title = {Gj\o{}vik University College - Applied Computer Science Project},
howpublished = {\url{http://english.hig.no/course_catalogue/student_handbook/2015_2016/courses/avdeling_for_informatikk_og_medieteknikk/imt4003_applied_computer_science_project}},
month = {},
year = {},
note = {(Visited on 12/02/2015)}
}

@misc{JiraSmartCommits,
author = {},
title = {Using Smart Commits - Atlassian Documentation},
howpublished = {\url{https://confluence.atlassian.com/fisheye/using-smart-commits-298976812.html}},
month = {},
year = {},
note = {(Visited on 12/02/2015)}
}

@misc{Sonar98:online,
author = {},
title = {SonarQube™},
howpublished = {\url{http://www.sonarqube.org/}},
month = {},
year = {},
note = {(Visited on 12/02/2015)}
}

@misc{Bamboo,
author = {},
title = {Continuous Integration \& Build Server - Bamboo | Atlassian},
howpublished = {\url{https://www.atlassian.com/software/bamboo/}},
month = {},
year = {},
note = {(Visited on 12/02/2015)}
}

@misc{About27:online,
author = {},
title = {About properties - Analytics Help},
howpublished = {\url{https://support.google.com/analytics/answer/2649554?hl=en&ref_topic=1009620}},
month = {},
year = {},
note = {(Visited on 12/02/2015)}
}

@misc{checkStyle:online,
author = {},
title = {checkstyle – Checkstyle 6.13},
howpublished = {\url{http://checkstyle.sourceforge.net/}},
month = {},
year = {},
note = {(Visited on 12/02/2015)}
}

@misc{About20:online,
author = {},
title = {About views - Analytics Help},
howpublished = {\url{https://support.google.com/analytics/answer/2649553?hl=en}},
month = {},
year = {},
note = {(Visited on 12/02/2015)}
}

@misc{Asser18:online,
author = {},
title = {Assertions · junit-team/junit Wiki · GitHub},
howpublished = {\url{https://github.com/junit-team/junit/wiki/Assertions}},
month = {},
year = {},
note = {(Visited on 12/02/2015)}
}

@misc{JUnit3:online,
author = {},
title = {JUnit - About},
howpublished = {\url{http://junit.org/}},
month = {},
year = {},
note = {(Visited on 12/02/2015)}
}


@misc{Mocki40:online,
author = {},
title = {Mockito in six easy examples – Gojko Adzic},
howpublished = {\url{http://gojko.net/2009/10/23/mockito-in-six-easy-examples/}},
month = {},
year = {},
note = {(Visited on 12/02/2015)}
}

@misc{Integ86:online,
author = {},
title = {Integration Testing},
howpublished = {\url{https://msdn.microsoft.com/en-us/library/aa292128(v=vs.71).aspx}},
month = {},
year = {},
note = {(Visited on 12/02/2015)}
}


@misc{Angul36:online,
author = {},
title = {AngularJS: API: \$http},
howpublished = {\url{https://docs.angularjs.org/api/ng/service/$http}},
month = {},
year = {},
note = {(Visited on 12/03/2015)}
}

@misc{Testi43:online,
author = {},
title = {Testing Angular with Karma},
howpublished = {\url{https://www.airpair.com/angularjs/posts/testing-angular-with-karma}},
month = {},
year = {},
note = {(Visited on 12/03/2015)}
}


@misc{What51:online,
author = {Akash Kava},
title = {What are the advantages of SPA (single page application) over a normal web application? - Quora},
howpublished = {\url{https://www.quora.com/What-are-the-advantages-of-SPA-single-page-application-over-a-normal-web-application}},
month = {3},
year = {},
note = {(Visited on 12/03/2015)}
}

@misc{Angul93:online,
author = {},
title = {AngularJS — Superheroic JavaScript MVW Framework},
howpublished = {\url{https://angularjs.org/}},
month = {},
year = {},
note = {(Visited on 12/03/2015)}
}

@misc{Build81:online,
author = {Renato Gercia},
title = {Building Modern Web Applications using AngularJS by Renato Garcia on Prezi},
howpublished = {\url{https://prezi.com/3n9iarfmurnk/building-modern-web-applications-using-angularjs/}},
month = {6},
year = {2013},
note = {(Visited on 12/04/2015)}
}

@misc{Angular2:online,
author = {},
title = {Angular2 — Superheroic JavaScript MVW Framework},
howpublished = {\url{https://angular.io/}},
month = {},
year = {},
note = {(Visited on 24/05/2016)}
}